@unpublished{Mikolov2013EfficientEstimationWord,
  title = {Efficient {{Estimation}} of {{Word Representations}} in {{Vector Space}}},
  author = {Mikolov, Tomas and Chen, Kai and Corrado, Greg and Dean, Jeffrey},
  date = {2013-01-16},
  eprint = {1301.3781},
  eprinttype = {arxiv},
  eprintclass = {cs},
  url = {https://arxiv.org/abs/1301.3781},
}

